@book{somelabel,
       author = "Kobayashi, S. and Nomizu, K.",
       title = "Foundations of Generalised {D}irac Geometry",
       volume = "I",
       publisher = "Wiley Interscience",
       year = "1963" }	